<?xml version="1.0" encoding="UTF-8"?><record xmlns="http://www.loc.gov/MARC21/slim" xmlns:cinclude="http://apache.org/cocoon/include/1.0" xmlns:zs="http://www.loc.gov/zing/srw/">
  <leader>00348nz  a2200133n  4500</leader>
  <controlfield tag="001">no2005092075</controlfield>
  <controlfield tag="003">DLC</controlfield>
  <controlfield tag="005">20051004051852.0</controlfield>
  <controlfield tag="008">050920n| acannaabn          |n aaa     c</controlfield>
  <datafield tag="010" ind1=" " ind2=" ">
    <subfield code="a">no2005092075</subfield>
  </datafield>
  <datafield tag="035" ind1=" " ind2=" ">
    <subfield code="a">(OCoLC)oca06748473</subfield>
  </datafield>
  <datafield tag="040" ind1=" " ind2=" ">
    <subfield code="a">SaPrUSA</subfield>
    <subfield code="b">eng</subfield>
    <subfield code="c">SaPrUSA</subfield>
  </datafield>
  <datafield tag="100" ind1="1" ind2=" ">
    <subfield code="a">Davies, Digby</subfield>
  </datafield>
  <datafield tag="670" ind1=" " ind2=" ">
    <subfield code="a">The role of objectives, 1976:</subfield>
    <subfield code="b">t.p. (Digby Davies)</subfield>
  </datafield>
</record>